<?xml version="1.0" encoding="UTF-8"?><collection xmlns="http://www.loc.gov/MARC21/slim"><record><leader>00423nam--2200133-i-4500</leader><controlfield tag="001">000038344</controlfield><controlfield tag="002">20161230</controlfield><controlfield tag="005">20161230201041</controlfield><controlfield tag="008">060222s1000------------r-----000-0-eng-d</controlfield><datafield ind1=" " ind2=" " tag="080"><subfield code="a">551.594.5</subfield></datafield><datafield ind1=" " ind2=" " tag="100"><subfield code="a">Reme, Henri</subfield></datafield><datafield ind1=" " ind2=" " tag="245"><subfield code="a">Repartition angulaire et energetique des particules de basse energie dans une aurore diffuse. /these</subfield></datafield><datafield ind1=" " ind2=" " tag="260"><subfield code="a">Toulouse, Faculte Des Sciences De L`Univ.De Toulouse, 1969, 243p</subfield></datafield><datafield ind1=" " ind2=" " tag="852"><subfield code="a">35788</subfield></datafield></record></collection>